<?xml version="1.0" encoding="UTF-8"?><collection xmlns="http://www.loc.gov/MARC21/slim"><record><leader>00531nam--2200193-i-4500</leader><controlfield tag="001">000018453</controlfield><controlfield tag="002">20161230</controlfield><controlfield tag="005">20161230201032</controlfield><controlfield tag="008">060222s1000------------r-----000-0-rus-d</controlfield><datafield ind1=" " ind2=" " tag="040"><subfield code="a">IFIN-HH</subfield></datafield><datafield ind1=" " ind2=" " tag="041"><subfield code="a">rus</subfield></datafield><datafield ind1=" " ind2=" " tag="080"><subfield code="a">57.088.6:539.12.04(061.3)</subfield></datafield><datafield ind1="1" ind2=" " tag="100"><subfield code="a">Vavilov, V.S</subfield></datafield><datafield ind1="1" ind2="0" tag="245"><subfield code="a">Radiationnie effekti v poluprovodnikah i poluprovodnikovih priborah</subfield><subfield code="c">V.s. vavilov, n.a. uhin</subfield></datafield><datafield ind1=" " ind2=" " tag="260"><subfield code="a">Moskva</subfield><subfield code="b">Atomizdat</subfield><subfield code="c">1969</subfield></datafield><datafield ind1=" " ind2=" " tag="300"><subfield code="a">311P</subfield></datafield><datafield ind1="1" ind2=" " tag="700"><subfield code="a">Uhin, N.A</subfield></datafield><datafield ind1=" " ind2=" " tag="852"><subfield code="a">31889</subfield><subfield code="c">539.12.04</subfield></datafield><datafield ind1=" " ind2=" " tag="CAT"><subfield code="a">Sys</subfield><subfield code="c">20120206</subfield><subfield code="h">164834</subfield></datafield></record></collection>